<record xmlns="http://www.ddb.de/professionell/mabxml/mabxml-1.xsd">
	<leader>00703nM2.01000024------h</leader>
	<controlfield tag="LDR">00703nM2.01000024------h</controlfield>
	<controlfield tag="FMT">MH</controlfield>
	<datafield ind1="-" ind2="1" tag="001">
		<subfield code="a">AC00521948</subfield>
	</datafield>
	<controlfield tag="030">z|1dcr|||||17</controlfield>
	<datafield ind1="a" ind2="1" tag="036">
		<subfield code="a">DE</subfield>
	</datafield>
	<datafield ind1="b" ind2="1" tag="037">
		<subfield code="a">ger</subfield>
	</datafield>
	<controlfield tag="050">a|a|||||||||||</controlfield>
	<controlfield tag="051">s||||||</controlfield>
	<datafield ind1="s" ind2="1" tag="076">
		<subfield code="a">07</subfield>
	</datafield>
	<datafield ind1="-" ind2="1" tag="100">
		<subfield code="p">Illich, Ivan</subfield>
		<subfield code="d">1926-2002</subfield>
		<subfield code="9">(DE-588)118555456</subfield>
	</datafield>
	<datafield ind1="-" ind2="1" tag="331">
		<subfield code="a">Schule ins Museum</subfield>
	</datafield>
	<datafield ind1="-" ind2="1" tag="335">
		<subfield code="a">Phaidros und die Folgen</subfield>
	</datafield>
	<datafield ind1="-" ind2="1" tag="359">
		<subfield code="a">von Ivan Illich. Mit einer Einl. von Ruth
			Kriss-Rettenbeck und Ludolf Kuchenbuch</subfield>
	</datafield>
	<datafield ind1="-" ind2="1" tag="410">
		<subfield code="a">Bad Heilbrunn/Obb.</subfield>
	</datafield>
	<datafield ind1="-" ind2="1" tag="412">
		<subfield code="a">Klinkhardt</subfield>
	</datafield>
	<datafield ind1="a" ind2="1" tag="425">
		<subfield code="a">1984</subfield>
	</datafield>
	<datafield ind1="-" ind2="1" tag="433">
		<subfield code="a">70 S.</subfield>
	</datafield>
	<datafield ind1="-" ind2="1" tag="451">
		<subfield code="a">Schriftenreihe zum Bayerischen Schulmuseum
			Ichenhausen, Zweigmuseum des Bayerischen Nationalmuseums ; 3,1
		</subfield>
	</datafield>
	<datafield ind1="r" ind2="1" tag="453">
		<subfield code="a">AC00029173</subfield>
	</datafield>
	<datafield ind1="-" ind2="1" tag="517">
		<subfield code="a">Literaturverz. S. 65 - 70</subfield>
	</datafield>
	<datafield ind1="a" ind2="1" tag="540">
		<subfield code="a">3-7815-0562-6</subfield>
	</datafield>
	<datafield ind1="f" ind2="1" tag="700">
		<subfield code="a">81.00</subfield>
		<subfield code="b">Bildungswesen: Allgemeines</subfield>
		<subfield code="z">Automatisch aus GBV_2011-10 2012-04-22
		</subfield>
	</datafield>
	<datafield ind1="g" ind2="1" tag="700">
		<subfield code="a">DD 7325</subfield>
	</datafield>
	<datafield ind1="g" ind2="1" tag="700">
		<subfield code="a">DD 7325</subfield>
		<subfield code="O">Automatisch aus BVB_2013-06 2013-02-24
		</subfield>
	</datafield>
	<datafield ind1="g" ind2="1" tag="700">
		<subfield code="a">DF 4000</subfield>
	</datafield>
	<datafield ind1="g" ind2="1" tag="700">
		<subfield code="a">DK 1100</subfield>
	</datafield>
	<datafield ind1="-" ind2="1" tag="710">
		<subfield code="a">Schrift - Kulturgeschichte</subfield>
	</datafield>
	<datafield ind1="-" ind2="1" tag="SG1">
		<subfield code="a">3</subfield>
	</datafield>
	<datafield ind1="a" ind2="1" tag="740">
		<subfield code="a">Literacy</subfield>
		<subfield code="z">Europe</subfield>
		<subfield code="x">History</subfield>
		<subfield code="z">Automatisch aus GBV_2011-10 2012-04-22
		</subfield>
	</datafield>
	<datafield ind1="a" ind2="1" tag="740">
		<subfield code="a">Education</subfield>
		<subfield code="z">Europe</subfield>
		<subfield code="x">History</subfield>
		<subfield code="z">Automatisch aus GBV_2011-10 2012-04-22
		</subfield>
	</datafield>
	<datafield ind1="a" ind2="1" tag="740">
		<subfield code="a">Education</subfield>
		<subfield code="x">Aims and objectives</subfield>
		<subfield code="z">Automatisch aus GBV_2011-10 2012-04-22
		</subfield>
	</datafield>
	<datafield ind1="-" ind2="1" tag="902">
		<subfield code="s">Alphabetisierung</subfield>
		<subfield code="9">(DE-588)4068576-7</subfield>
	</datafield>
	<datafield ind1="-" ind2="1" tag="902">
		<subfield code="z">Geistesgeschichte</subfield>
	</datafield>
	<datafield ind1="-" ind2="1" tag="907">
		<subfield code="s">Geschichtswissenschaft</subfield>
		<subfield code="9">(DE-588)4020535-6</subfield>
	</datafield>
	<datafield ind1="-" ind2="1" tag="907">
		<subfield code="s">Schriftlichkeit</subfield>
		<subfield code="9">(DE-588)4077162-3</subfield>
	</datafield>
	<datafield ind1="-" ind2="1" tag="912">
		<subfield code="s">Mündliche Überlieferung</subfield>
		<subfield code="9">(DE-588)4040600-3</subfield>
	</datafield>
	<datafield ind1="-" ind2="1" tag="912">
		<subfield code="s">Schriftlichkeit</subfield>
		<subfield code="9">(DE-588)4077162-3</subfield>
	</datafield>
	<datafield ind1="-" ind2="1" tag="912">
		<subfield code="s">Kulturwandel</subfield>
		<subfield code="9">(DE-588)4033596-3</subfield>
	</datafield>
	<datafield ind1="-" ind2="1" tag="917">
		<subfield code="s">Schule</subfield>
		<subfield code="9">(DE-588)4053474-1</subfield>
	</datafield>
	<datafield ind1="-" ind2="1" tag="917">
		<subfield code="s">Kultur</subfield>
		<subfield code="9">(DE-588)4125698-0</subfield>
	</datafield>
	<datafield ind1="-" ind2="1" tag="917">
		<subfield code="s">Schriftlichkeit</subfield>
		<subfield code="9">(DE-588)4077162-3</subfield>
	</datafield>
	<datafield ind1="-" ind2="1" tag="922">
		<subfield code="s">Unterdrückung</subfield>
		<subfield code="9">(DE-588)4257314-2</subfield>
	</datafield>
	<datafield ind1="-" ind2="1" tag="922">
		<subfield code="s">Schriftlichkeit</subfield>
		<subfield code="9">(DE-588)4077162-3</subfield>
	</datafield>
	<datafield ind1="-" ind2="1" tag="922">
		<subfield code="s">Schule</subfield>
		<subfield code="9">(DE-588)4053474-1</subfield>
	</datafield>
	<datafield ind1="-" ind2="1" tag="927">
		<subfield code="s">Schriftlichkeit</subfield>
		<subfield code="9">(DE-588)4077162-3</subfield>
	</datafield>
	<datafield ind1="-" ind2="1" tag="927">
		<subfield code="s">Schule</subfield>
		<subfield code="9">(DE-588)4053474-1</subfield>
	</datafield>
	<datafield ind1="-" ind2="1" tag="927">
		<subfield code="z">Geschichte</subfield>
	</datafield>
	<controlfield tag="SYS">000036131</controlfield>
	<datafield ind1=" " ind2=" " tag="SWD">
		<subfield code="s">Geschichtsforschung</subfield>
		<subfield code="9">(DE-588)4020535-6</subfield>
	</datafield>
	<datafield ind1=" " ind2=" " tag="SWD">
		<subfield code="s">Geschichte</subfield>
		<subfield code="h">Fach</subfield>
		<subfield code="9">(DE-588)4020535-6</subfield>
	</datafield>
	<datafield ind1=" " ind2=" " tag="BKL">
		<subfield code="a">Bildungswesen: Allgemeines</subfield>
	</datafield>
	<datafield ind1=" " ind2=" " tag="BKL">
		<subfield code="a">educational system: general</subfield>
	</datafield>
	<datafield ind1=" " ind2=" " tag="SWD">
		<subfield code="s">Geschichtsforschung</subfield>
		<subfield code="9">(DE-588)4020535-6</subfield>
	</datafield>
	<datafield ind1=" " ind2=" " tag="SWD">
		<subfield code="s">Geschichte</subfield>
		<subfield code="h">Fach</subfield>
		<subfield code="9">(DE-588)4020535-6</subfield>
	</datafield>
	<datafield ind1=" " ind2=" " tag="SWD">
		<subfield code="s">Analphabetismus</subfield>
		<subfield code="x">Bekämpfung</subfield>
		<subfield code="9">(DE-588)4068576-7</subfield>
	</datafield>
	<datafield ind1=" " ind2=" " tag="PER">
		<subfield code="p">Illich, Ivan D.</subfield>
		<subfield code="d">1926-2002</subfield>
		<subfield code="9">(DE-588)118555456</subfield>
	</datafield>
	<datafield ind1=" " ind2=" " tag="PER">
		<subfield code="p">Ilič, Ivan</subfield>
		<subfield code="d">1926-2002</subfield>
		<subfield code="9">(DE-588)118555456</subfield>
	</datafield>
	<datafield ind1=" " ind2=" " tag="PER">
		<subfield code="p">Ilić, Ivan</subfield>
		<subfield code="d">1926-2002</subfield>
		<subfield code="9">(DE-588)118555456</subfield>
	</datafield>
	<datafield ind1=" " ind2=" " tag="SWD">
		<subfield code="s">Analphabetismus</subfield>
		<subfield code="x">Bekämpfung</subfield>
		<subfield code="9">(DE-588)4068576-7</subfield>
	</datafield>
	<datafield ind1=" " ind2=" " tag="SWD">
		<subfield code="s">Literacy</subfield>
		<subfield code="h">Schriftlichkeit</subfield>
		<subfield code="9">(DE-588)4077162-3</subfield>
	</datafield>
	<datafield ind1=" " ind2=" " tag="SWD">
		<subfield code="s">Literalität</subfield>
		<subfield code="h">Schriftlichkeit</subfield>
		<subfield code="9">(DE-588)4077162-3</subfield>
	</datafield>
	<datafield ind1=" " ind2=" " tag="SWD">
		<subfield code="s">Schriftkultur</subfield>
		<subfield code="9">(DE-588)4077162-3</subfield>
	</datafield>
	<datafield ind1=" " ind2=" " tag="SWD">
		<subfield code="s">Schriftliche Überlieferung</subfield>
		<subfield code="9">(DE-588)4077162-3</subfield>
	</datafield>
	<datafield ind1=" " ind2=" " tag="SWD">
		<subfield code="s">Verschriftlichung</subfield>
		<subfield code="9">(DE-588)4077162-3</subfield>
	</datafield>
	<datafield ind1=" " ind2=" " tag="PER">
		<subfield code="p">Illich, Ivan D.</subfield>
		<subfield code="d">1926-2002</subfield>
		<subfield code="9">(DE-588)118555456</subfield>
	</datafield>
	<datafield ind1=" " ind2=" " tag="PER">
		<subfield code="p">Ilič, Ivan</subfield>
		<subfield code="d">1926-2002</subfield>
		<subfield code="9">(DE-588)118555456</subfield>
	</datafield>
	<datafield ind1=" " ind2=" " tag="PER">
		<subfield code="p">Ilić, Ivan</subfield>
		<subfield code="d">1926-2002</subfield>
		<subfield code="9">(DE-588)118555456</subfield>
	</datafield>
	<datafield ind1=" " ind2=" " tag="SWD">
		<subfield code="s">Literacy</subfield>
		<subfield code="h">Schriftlichkeit</subfield>
		<subfield code="9">(DE-588)4077162-3</subfield>
	</datafield>
	<datafield ind1=" " ind2=" " tag="SWD">
		<subfield code="s">Literalität</subfield>
		<subfield code="h">Schriftlichkeit</subfield>
		<subfield code="9">(DE-588)4077162-3</subfield>
	</datafield>
	<datafield ind1=" " ind2=" " tag="SWD">
		<subfield code="s">Schriftkultur</subfield>
		<subfield code="9">(DE-588)4077162-3</subfield>
	</datafield>
	<datafield ind1=" " ind2=" " tag="SWD">
		<subfield code="s">Schriftliche Überlieferung</subfield>
		<subfield code="9">(DE-588)4077162-3</subfield>
	</datafield>
	<datafield ind1=" " ind2=" " tag="SWD">
		<subfield code="s">Verschriftlichung</subfield>
		<subfield code="9">(DE-588)4077162-3</subfield>
	</datafield>
	<datafield ind1=" " ind2=" " tag="SWD">
		<subfield code="s">Repression</subfield>
		<subfield code="9">(DE-588)4257314-2</subfield>
	</datafield>
	<datafield ind1=" " ind2=" " tag="SWD">
		<subfield code="s">Politische Unterdrückung</subfield>
		<subfield code="9">(DE-588)4257314-2</subfield>
	</datafield>
	<datafield ind1=" " ind2=" " tag="SWD">
		<subfield code="s">Repressalie</subfield>
		<subfield code="x">Unterdrückung</subfield>
		<subfield code="9">(DE-588)4257314-2</subfield>
	</datafield>
	<datafield ind1=" " ind2=" " tag="SWD">
		<subfield code="s">Repression</subfield>
		<subfield code="9">(DE-588)4257314-2</subfield>
	</datafield>
	<datafield ind1=" " ind2=" " tag="SWD">
		<subfield code="s">Politische Unterdrückung</subfield>
		<subfield code="9">(DE-588)4257314-2</subfield>
	</datafield>
	<datafield ind1=" " ind2=" " tag="SWD">
		<subfield code="s">Repressalie</subfield>
		<subfield code="x">Unterdrückung</subfield>
		<subfield code="9">(DE-588)4257314-2</subfield>
	</datafield>
	<datafield ind1=" " ind2=" " tag="SWD">
		<subfield code="s">Mündliche Geschichte</subfield>
		<subfield code="9">(DE-588)4040600-3</subfield>
	</datafield>
	<datafield ind1=" " ind2=" " tag="SWD">
		<subfield code="s">Mündliche Quelle</subfield>
		<subfield code="9">(DE-588)4040600-3</subfield>
	</datafield>
	<datafield ind1=" " ind2=" " tag="SWD">
		<subfield code="s">Mündliche Tradition</subfield>
		<subfield code="9">(DE-588)4040600-3</subfield>
	</datafield>
	<datafield ind1=" " ind2=" " tag="SWD">
		<subfield code="s">Orale Tradition</subfield>
		<subfield code="9">(DE-588)4040600-3</subfield>
	</datafield>
	<datafield ind1=" " ind2=" " tag="SWD">
		<subfield code="s">Mündlichkeit</subfield>
		<subfield code="h">Überlieferung</subfield>
		<subfield code="9">(DE-588)4040600-3</subfield>
	</datafield>
	<datafield ind1=" " ind2=" " tag="SWD">
		<subfield code="s">Mündliche Geschichte</subfield>
		<subfield code="9">(DE-588)4040600-3</subfield>
	</datafield>
	<datafield ind1=" " ind2=" " tag="SWD">
		<subfield code="s">Mündliche Quelle</subfield>
		<subfield code="9">(DE-588)4040600-3</subfield>
	</datafield>
	<datafield ind1=" " ind2=" " tag="SWD">
		<subfield code="s">Mündliche Tradition</subfield>
		<subfield code="9">(DE-588)4040600-3</subfield>
	</datafield>
	<datafield ind1=" " ind2=" " tag="SWD">
		<subfield code="s">Orale Tradition</subfield>
		<subfield code="9">(DE-588)4040600-3</subfield>
	</datafield>
	<datafield ind1=" " ind2=" " tag="SWD">
		<subfield code="s">Mündlichkeit</subfield>
		<subfield code="h">Überlieferung</subfield>
		<subfield code="9">(DE-588)4040600-3</subfield>
	</datafield>
	<datafield ind1=" " ind2=" " tag="SWD">
		<subfield code="s">Kultureller Wandel</subfield>
		<subfield code="9">(DE-588)4033596-3</subfield>
	</datafield>
	<datafield ind1=" " ind2=" " tag="SWD">
		<subfield code="s">Kultureller Wandel</subfield>
		<subfield code="9">(DE-588)4033596-3</subfield>
	</datafield>
	<datafield ind1=" " ind2=" " tag="SWD">
		<subfield code="s">Schulwesen</subfield>
		<subfield code="9">(DE-588)4053474-1</subfield>
	</datafield>
	<datafield ind1=" " ind2=" " tag="SWD">
		<subfield code="s">Schulform</subfield>
		<subfield code="9">(DE-588)4053474-1</subfield>
	</datafield>
	<datafield ind1=" " ind2=" " tag="SWD">
		<subfield code="s">Schulart</subfield>
		<subfield code="9">(DE-588)4053474-1</subfield>
	</datafield>
	<datafield ind1=" " ind2=" " tag="SWD">
		<subfield code="s">Schulsystem</subfield>
		<subfield code="9">(DE-588)4053474-1</subfield>
	</datafield>
	<datafield ind1=" " ind2=" " tag="SWD">
		<subfield code="s">Schulen</subfield>
		<subfield code="9">(DE-588)4053474-1</subfield>
	</datafield>
	<datafield ind1=" " ind2=" " tag="SWD">
		<subfield code="s">Schulwesen</subfield>
		<subfield code="9">(DE-588)4053474-1</subfield>
	</datafield>
	<datafield ind1=" " ind2=" " tag="SWD">
		<subfield code="s">Schulform</subfield>
		<subfield code="9">(DE-588)4053474-1</subfield>
	</datafield>
	<datafield ind1=" " ind2=" " tag="SWD">
		<subfield code="s">Schulart</subfield>
		<subfield code="9">(DE-588)4053474-1</subfield>
	</datafield>
	<datafield ind1=" " ind2=" " tag="SWD">
		<subfield code="s">Schulsystem</subfield>
		<subfield code="9">(DE-588)4053474-1</subfield>
	</datafield>
	<datafield ind1=" " ind2=" " tag="SWD">
		<subfield code="s">Schulen</subfield>
		<subfield code="9">(DE-588)4053474-1</subfield>
	</datafield>
	<datafield ind1=" " ind2=" " tag="AVA">
		<subfield code="a">AKW50</subfield>
		<subfield code="b">XAW1</subfield>
		<subfield code="c">Magazin 1</subfield>
		<subfield code="d">B71753/3,1</subfield>
		<subfield code="e">available</subfield>
		<subfield code="t">Verfügbar</subfield>
		<subfield code="f">1</subfield>
		<subfield code="g">0</subfield>
		<subfield code="h">N</subfield>
		<subfield code="i">1</subfield>
		<subfield code="j">MAG1</subfield>
	</datafield>
	<datafield ind1="-" ind2="1" tag="Z30">
		<subfield code="1">XAW1</subfield>
		<subfield code="2">MAG1</subfield>
		<subfield code="3">B71753/3,1</subfield>
	</datafield>
</record>